<record><leader>00000cas a22000007a 4500</leader><controlfield tag="001">14472487</controlfield><controlfield tag="008">861022d19021913coudr ne      0    0eng d</controlfield><datafield ind1=" " ind2=" " tag="010"><subfield code="a">sn 86081911 </subfield></datafield><datafield ind1=" " ind2=" " tag="040"><subfield code="a">NPH</subfield><subfield code="b">eng</subfield><subfield code="c">NPH</subfield><subfield code="d">CNQ</subfield><subfield code="d">CRL</subfield><subfield code="d">OCLCQ</subfield><subfield code="d">OCLCF</subfield></datafield><datafield ind1=" " ind2=" " tag="042"><subfield code="a">msc</subfield></datafield><datafield ind1=" " ind2=" " tag="043"><subfield code="a">n-us-co</subfield></datafield><datafield ind1=" " ind2=" " tag="090"><subfield code="a">AN</subfield></datafield><datafield ind1="0" ind2="4" tag="245"><subfield code="a">The Cripple Creek times.</subfield></datafield><datafield ind1=" " ind2=" " tag="260"><subfield code="a">Cripple Creek, Colo. :</subfield><subfield code="b">W.H. Griffith</subfield></datafield><datafield ind1=" " ind2=" " tag="300"><subfield code="a">v. ;</subfield><subfield code="c">56 cm.</subfield></datafield><datafield ind1=" " ind2=" " tag="310"><subfield code="a">Daily</subfield></datafield><datafield ind1="0" ind2=" " tag="362"><subfield code="a">Vol. 3, no. 33 (Apr. 1, 1902)-v. 4, no. 125 (July 17, 1903) ; 13th year (July 18, 1903)-22nd year (Mar. 30, 1913).</subfield></datafield><datafield ind1=" " ind2=" " tag="515"><subfield code="a">Times-citizen, Vol. 3, no. 33 (Apr. 1, 1902) called also Morning times, v. 11, no. 102, and: Evening citizen, v. 6, no. 25.</subfield></datafield><datafield ind1=" " ind2=" " tag="515"><subfield code="a">Times-citizen, Vol. 3, no. 34 (Apr. 2, 1902)-Times-citizen, v. 4, no. 125 (July 17, 1903) called also Morning times, v. 11, no. 103-Morning times, v. 12, no. 195, and: Evening citizen, v. 6, no. 26-Evening citizen, v. 7, no. 118, and : Cripple Creek times, v. 1, no. 2-Cripple Creek times, v. 2, no. 91.</subfield></datafield><datafield ind1=" " ind2=" " tag="530"><subfield code="a">Available on microfilm from the Colorado Historical Society.</subfield></datafield><datafield ind1=" " ind2=" " tag="580"><subfield code="a">Weekly edition: Cripple Creek times (Cripple Creek, Colo. : 1901), 1901-19.</subfield></datafield><datafield ind1=" " ind2=" " tag="588"><subfield code="a">Description based on: Jan. 1, 1904.</subfield></datafield><datafield ind1=" " ind2=" " tag="588"><subfield code="a">Latest issue consulted: Mar. 1, 1905.</subfield></datafield><datafield ind1=" " ind2="0" tag="651"><subfield code="a">Cripple Creek (Colo.)</subfield><subfield code="v">Newspapers.</subfield></datafield><datafield ind1=" " ind2="0" tag="651"><subfield code="a">Teller County (Colo.)</subfield><subfield code="v">Newspapers.</subfield></datafield><datafield ind1=" " ind2="7" tag="655"><subfield code="a">Newspapers.</subfield><subfield code="2">fast</subfield><subfield code="0">(OCoLC)fst01423814</subfield></datafield><datafield ind1=" " ind2="7" tag="651"><subfield code="a">Colorado</subfield><subfield code="z">Cripple Creek.</subfield><subfield code="2">fast</subfield><subfield code="0">(OCoLC)fst01205392</subfield></datafield><datafield ind1=" " ind2="7" tag="651"><subfield code="a">Colorado</subfield><subfield code="z">Teller County.</subfield><subfield code="2">fast</subfield><subfield code="0">(OCoLC)fst01212947</subfield></datafield><datafield ind1=" " ind2=" " tag="752"><subfield code="a">United States</subfield><subfield code="b">Colorado</subfield><subfield code="c">Teller</subfield><subfield code="d">Cripple Creek.</subfield></datafield><datafield ind1="1" ind2=" " tag="775"><subfield code="t">Cripple Creek times (Cripple Creek, Colo. : 1901)</subfield><subfield code="w">(DLC)sn 89052160</subfield><subfield code="w">(OCoLC)19760926</subfield></datafield><datafield ind1="0" ind2="7" tag="785"><subfield code="t">Victor daily record</subfield></datafield><datafield ind1="0" ind2="7" tag="785"><subfield code="t">Cripple Creek times &amp; the Victor daily record</subfield><subfield code="w">(DLC)sn 89052167</subfield><subfield code="w">(OCoLC)19770207</subfield></datafield></record>